@book{Minieka,
	author    = "E Minieka",
	title     = "Optimization Algorithms for Networks and Graphs.",
	year      = "1978",
	publisher = "Marcel Dekker",
	address   = "New York, NY"
}
@article{Harish,
	author  = "P. Harish and P. J. Narayanan",
	title   = "Accelerating large graph algorithms on the GPU using CUDA. En International Conference on HighPerformance Computing",
	year    = "2007",
	journal = "Springer",
	volume  = "1",
	number  = "1",
	pages   = "197--208"
}
@article{Boyer,
	author  = "S. Che and M. Boyer and J. Meng and D. Tarjan and J. W. Sheaffer and K. Skadron",
	title   = "A performance study of general-purpose applications on
graphics processors using CUDA.",
	year    = "2008",
	journal = "Journal of parallel and distributed
computing,",
	volume  = "68",
	number  = "10",
	pages   = "1370--1380"
}
@book{Wilson,
	author    = " R. J. Wilson",
	title     = "Introduction to graph theory.",
	year      = "1996",
	publisher = "Longman Group",
	address   = "Harlow"
}
@online{free,
  author  = {Estefania Cassingena},
  title   = {Algoritmo de la ruta más corta de Dijkstra: Introducción gráfica},
  year    = {2022},
  url     = {https://www.freecodecamp.org/espanol/news/algoritmo-de-la-ruta-mas-corta-de-dijkstra-introduccion-grafica/},
  urldate = {2024-05-14}
}
@article{oscar,
  title={Concurrencia vs. Paralelismo},
  author={Blancarte, Oscar},
  journal={Oscar Blancarte Blog},
  year={2017},
  url={https://www.oscarblancarteblog.com/2017/03/29/concurrencia-vs-paralelismo/},
}
@book{deo,
	author    = " N. Deo",
	title     = "Graph theory with applications to engineering and computer science.",
	year      = "1974",
	publisher = "Prentice-Hall, Inc.",
	address   = " Englewood Cliffs, New Jersey"
}
@article{Dreyfus,
	author  = "S. E. Dreyfus",
	title   = "An appraisal of some shortest-path algorithms.",
	year    = "1969",
	journal = "Operations research",
	volume  = "17",
	number  = "3",
	pages   = "372--426"
}
@book{Stallings,
	author    = " W. Stallings",
	title     = "Operating systems: internals and design principles (6ta edición).",
	year      = "2009",
	publisher = "Pearson Education, Inc. ",
	address   = " Upper Saddle River, NJ"
}
@book{Randima,
	author    = " Fernando Randima",
	title     = "GPU Gems 2, Programming techniques for HighPerformance Graphics and General-Purpose Computation",
	year      = "2005",
	publisher = "NVIDIA, AddisonWesley",
	address   = " Massachusetts "
}
@book{Cormen,
	author    = " T. H. Cormen and C. E. Leiserson and R. L. Rivest and C. Stein",
	title     = "Introduction to Algorithms (3rd ed.)",
	year      = "2009",
	publisher = "MIT Press",
	address   = "  Cambridge, Massachusetts, Estados Unidos "
}
@article{Luo,
	author  = "Q. Luo  and Y. Dong",
	title   = "A Parallel Dijkstra's Algorithm for GPU-Based Computing.",
	year    = "2013",
	journal = "Journal of Parallel and Distributed Computing",
	volume  = "73",
	number  = "11",
	pages   = "1716--1724"
}
@article{Crauser,
	author  = "Crauser A. and Mehlhorn K. and Meyer U. and Sanders P",
	title   = "A parallelization of Dijkstra’s shortest path algorithm.",
	year    = "1998",
	journal = "Lecture notes in computer science",
	volume  = "1",
	number  = "10",
	pages   = "722--731"
}

